@Book{booch:oo,
  author = 	 {Grady Booch},
  ALTeditor = 	 {},
  title = 	 {Object Oriented Analysis ans Design with Applications},
  publisher = 	 {Addison and Wesley},
  year = 	 {1994},
  OPTkey = 	 {},
  OPTvolume = 	 {},
  OPTnumber = 	 {},
  OPTseries = 	 {},
  OPTaddress = 	 {},
  OPTedition = 	 {},
  OPTmonth = 	 {},
  OPTnote = 	 {},
  OPTannote = 	 {}
}
@Book{haykin,
  author = 	 {Simon Haykin},
  ALTeditor = 	 {},
  title = 	 {Neural Networks: A comprehensive foundantion},
  publisher = 	 {Prentice Hall},
  year = 	 {1999},
  OPTkey = 	 {},
  OPTvolume = 	 {},
  OPTnumber = 	 {},
  OPTseries = 	 {},
  OPTaddress = 	 {},
  OPTedition = 	 {},
  OPTmonth = 	 {},
  OPTnote = 	 {},
  OPTannote = 	 {}
}
@Book{halliday,
  author = 	 {Halliday AND Resnick AND Walker},
  ALTeditor = 	 {},
  title = 	 {Fundamentos da Física},
  publisher = 	 {Livros Técnicos e Científicos Editora},
  year = 	 {1995},
  OPTkey = 	 {},
  OPTvolume = 	 {},
  OPTnumber = 	 {},
  OPTseries = 	 {},
  OPTaddress = 	 {},
  edition = 	 {4a.},
  OPTmonth = 	 {},
  OPTnote = 	 {},
  OPTannote = 	 {}
}
@Book{bock:detector,
  author = 	 {R.K.~Bock AND A.Vascileu},
  ALTeditor = 	 {},
  title = 	 {The Particle Detector BriefBook},
  publisher = 	 {Springer},
  year = 	 {1999},
  OPTkey = 	 {},
  OPTvolume = 	 {},
  OPTnumber = 	 {},
  OPTseries = 	 {},
  OPTaddress = 	 {},
  OPTedition = 	 {},
  OPTmonth = 	 {},
  OPTnote = 	 {},
  OPTannote = 	 {}
}
@Book{design:oo,
  author = 	 {Erich Gamma AND Richard Helm AND Ralph Johnson AND John Vlissides},
  ALTeditor = 	 {},
  title = 	 {Design Patterns: Elements of Reusable Object-Oriented Software},
  publisher = 	 {Addison-Wesley},
  year = 	 {1994},
  OPTkey = 	 {},
  OPTvolume = 	 {},
  OPTnumber = 	 {},
  OPTseries = 	 {},
  OPTaddress = 	 {},
  OPTedition = 	 {},
  OPTmonth = 	 {},
  OPTnote = 	 {},
  OPTannote = 	 {}
}
@Book{kr:ansi-c,
  author = 	 {Brian W.~Kernighan AND Dennis M.~Ritchie},
  ALTeditor = 	 {},
  title = 	 {C, a linguagem de programação: padrão {A}{N}{S}{I}},
  publisher = 	 {Editora Campus},
  year = 	 {1990},
  OPTkey = 	 {},
  OPTvolume = 	 {},
  OPTnumber = 	 {},
  OPTseries = 	 {},
  OPTaddress = 	 {},
  edition = 	 {2a.},
  OPTmonth = 	 {},
  OPTnote = 	 {},
  OPTannote = 	 {}
}
@Book{bs:cpp,
  author = 	 {Bjarne Stroustrup},
  ALTeditor = 	 {},
  title = 	 {The {C}++ Programming Language},
  publisher = 	 {Addison-Wesley},
  year = 	 {1997},
  OPTkey = 	 {},
  OPTvolume = 	 {},
  OPTnumber = 	 {},
  OPTseries = 	 {},
  address = 	 {Murray Hill, New Jersey},
  edition = 	 {3rd.},
  OPTmonth = 	 {},
  OPTnote = 	 {},
  OPTannote = 	 {}
}
@Book{neural:oo,
  author = 	 {Joey Rogers},
  ALTeditor = 	 {},
  title = 	 {Object-Oriented Neural Networks in C++},
  publisher = 	 {Academic Press},
  year = 	 {1997},
  OPTkey = 	 {},
  OPTvolume = 	 {},
  OPTnumber = 	 {},
  OPTseries = 	 {},
  OPTaddress = 	 {},
  OPTedition = 	 {},
  OPTmonth = 	 {},
  OPTnote = 	 {},
  OPTannote = 	 {}
}
@Book{signal:mitra,
  author = 	 {Sanjit K. Mitra},
  ALTeditor = 	 {},
  title = 	 {Digital Signal Processing: A Computer-Based Approach},
  publisher = 	 {" "},
  year = 	 {1998},
  OPTkey = 	 {},
  OPTvolume = 	 {},
  OPTnumber = 	 {},
  OPTseries = 	 {},
  OPTaddress = 	 {},
  OPTedition = 	 {},
  OPTmonth = 	 {},
  OPTnote = 	 {},
  OPTannote = 	 {}
}
@Book{widrow,
  author = 	 {B. Widrow AND S.D. Searns},
  ALTeditor = 	 {},
  title = 	 {Adaptive Signal Processing},
  publisher = 	 {Prentice Hall},
  year = 	 {1985},
  OPTkey = 	 {},
  OPTvolume = 	 {},
  OPTnumber = 	 {},
  OPTseries = 	 {},
  OPTaddress = 	 {},
  OPTedition = 	 {},
  OPTmonth = 	 {},
  OPTnote = 	 {},
  OPTannote = 	 {}
}
@Book{vantrees,
  author = 	 {H.L. Van Trees},
  ALTeditor = 	 {},
  title = 	 {Detection, Estimation and Modulation},
  publisher = 	 {John Wiley \& Sons},
  year = 	 {1966},
  OPTkey = 	 {},
  OPTvolume = 	 {},
  OPTnumber = 	 {},
  OPTseries = 	 {},
  OPTaddress = 	 {},
  OPTedition = 	 {},
  OPTmonth = 	 {},
  OPTnote = 	 {},
  OPTannote = 	 {}
}
@Book{hertz,
  author = 	 {John A. Hertz},
  ALTeditor = 	 {},
  title = 	 {Introduction to the Theory of Neural Computation},
  publisher = 	 {Addison-Wesley},
  year = 	 {1991},
  OPTkey = 	 {},
  OPTvolume = 	 {},
  OPTnumber = 	 {},
  OPTseries = 	 {},
  OPTaddress = 	 {},
  OPTedition = 	 {},
  OPTmonth = 	 {},
  OPTnote = 	 {},
  OPTannote = 	 {}
}
@TechReport{ttn1,
  author = 	 {A.~Anjos AND R.~Bock AND A.~Bogaerts AND E.~Giacomini, A.~Guglielmi AND R.~Hauser AND M.~Sessler AND P.~Werner},
  title = 	 {Software Framework and Testbed Architectures},
  institution =  {CERN},
  year = 	 {1998},
  OPTkey = 	 {},
  type = 	 {Testbed Technical Note},
  number = 	 {1},
  OPTaddress = 	 {},
  OPTmonth = 	 {},
  OPTnote = 	 {},
  OPTannote = 	 {}
}
@TechReport{daq62,
  author = 	 {R.K.~Bock AND B. Kastrup},
  title = 	 {Realistic Calorimeter Feature Extraction: Algorithm, Benchmarks and Implementation options},
  institution =  {CERN},
  year = 	 {1997},
  OPTkey = 	 {},
  type = 	 {ATLAS DAQ Note},
  number = 	 {65},
  OPTaddress = 	 {},
  month = 	 {Mar\c{c}o},
  OPTnote = 	 {},
  OPTannote = 	 {}
}
@String{url:daqnote22="\htmladdnormallink{http://\-rd13doc.cern.ch/\-public/\-doc/\-Note136.html}{http://rd13doc.cern.ch/public/doc/Note136.html}"
}

@String{url:daqnote11="\htmladdnormallink{http://\-atlasinfo.cern.ch\-/\-Atlas\-/\-GROUPS\-/\-DAQTRIG\-/\-NOTES\-/\-note11\-/\-daq-11.ps}{http://atlasinfo.cern.ch/Atlas/GROUPS/DAQTRIG/NOTES/note11/daq-11.ps}"
}

@TechReport{daq11,
   author = {R.K.~Bock AND J.~Carter AND I.C.~Legrand},
   title = {What can Artificial Neural Networks do for the Global Second Level 
Trigger},
   institution = {CERN},
   month = {Mar\c{c}o},
   year = {1994},
   type = {ATLAS/DAQ Note},
   number = "11",
   note = "{\bf Disponível em inglês:} " # url:daqnote11
}
@TechReport{l2tpr,
  author = 	 {{{A}{T}{L}{A}{S} Collaboration}},
  title = 	 {{A}{T}{L}{A}{S} DAq, EF, LVL2 and DCS Technical Progress Report},
  institution =  {CERN},
  year = 	 {1998},
  OPTkey = 	 {},
  OPTtype = 	 {},
  OPTnumber = 	 {},
  OPTaddress = 	 {},
  OPTmonth = 	 {},
  OPTnote = 	 {},
  OPTannote = 	 {}
}
@TechReport{trigger-tpr,
  author = 	 {{{A}{T}{L}{A}{S} Collaboration}},
  title = 	 {Trigger Performance Technical Progress Report},
  institution =  {CERN},
  year = 	 {1999},
  OPTkey = 	 {},
  OPTtype = 	 {},
  OPTnumber = 	 {},
  OPTaddress = 	 {},
  OPTmonth = 	 {},
  OPTnote = 	 {},
  OPTannote = 	 {}
}
@TechReport{daqnote00-02,
  author = 	 {S. Gonzalez AND T. Hansl-Kozanecka AND M. Wielers},
  title = 	 {Selection of high-pT electromagnetic clusters by the level-2 trigger of {A}{T}{L}{A}{S}},
  institution =  {CERN},
  year = 	 {2000},
  OPTkey = 	 {},
  type = 	 {{A}{T}{L}{A}{S}-Trigger DAq Note},
  number = 	 {002},
  OPTaddress = 	 {},
  month = 	 {Fevereiro},
  OPTnote = 	 {},
  OPTannote = 	 {}
}
@String{url:daqnote79="\htmladdnormallink{http://\-atlasinfo.cern.ch\-/\-Atlas\-/\-GROUPS\-/\-DAQTRIG\-/\-NOTES\-/\-note79\-/\-urdv1.ps.Z}{http://atlasinfo.cern.ch/Atlas/GROUPS/DAQTRIG/NOTES/note79/urdv1.ps.Z}"
}

@TechReport{caloalgo,
  author = 	 {S.~Gonzalez, B.~Gonzales-Pi\~{n}ero, T.~Shears},
  title = 	 {First Implementation of Calorimeter FEX Algorithms in the Level-2 Reference Software},
  institution =  {CERN},
  year = 	 {1999},
  OPTkey = 	 {},
  type = 	 {LVL2 Testbed Technical Note},
  OPTnumber = 	 {},
  OPTaddress = 	 {},
  month = 	 {Maio},
  note = 	 {{\bf Usu\'arios AFS podem pegar uma c\'opia em: }/afs\-/\-cern.ch\-/\-atlas\-/\-project\-/\-LVL2testbed\-/\-www\-/\-doc\-/\-physics\-/\-calo\-/\-notes\-/\-caloalgo.ps},
  OPTannote = 	 {}
}
@TechReport{tilecal,
  author = 	 {{{A}{T}{L}{A}{S}/Tile Calorimeter Collaboration}},
  title = 	 {Tile Calorimeter - Technical Design Report},
  institution =  {CERN},
  year = 	 {1996},
  OPTkey = 	 {},
  OPTtype = 	 {},
  OPTnumber = 	 {},
  OPTaddress = 	 {},
  month = 	 {Dezembro},
  OPTnote = 	 {},
  OPTannote = 	 {}
}
@String{l2-calo-home = "\htmladdnormallink{http:\-//\-www.cern.ch\-/\-Atlas\-/\-project\-/\-LVL2testbed\-/\-www\-/\-doc\-/\-physic\-/\-calo\-/\-index.html}{http://www.cern.ch/Atlas/project/LVL2testbed/www/doc/physic/calo/index.html}"}

@String{ pesa-home = "\htmladdnormallink{http://\-atlasinfo.cern.ch\-/\-Atlas\-/\-GROUPS\-/\-DAQ\-TRIG\-/\-PE\-SA\-/\-pe\-sa.tml}{http://atlasinfo.cern.ch/Atlas/GROUPS/DAQTRIG/PESA/pesa.tml}" }

@String{url:atlas="\htmladdnormallink{http://\-wwwlhc1.cern.ch/\-detectors/\-atlas/}{http://wwwlhc1.cern.ch/detectors/atlas/}"
}

@String{url:lhchist="\htmladdnormallink{http://nicewww.cern.ch/\-lhcp/\-plo/\-history.htm}{http://nicewww.cern.ch/lhcp/plo/history.htm}"
}

@String{url:lvl1="\htmladdnormallink{http://atlasinfo.cern.ch/\-Atlas/\-GROUPS/\-DAQTRIG/\-LEVEL1/\-level1.html}{http://atlasinfo.cern.ch/Atlas/GROUPS/DAQTRIG/LEVEL1/level1.html}"
}

@String{url:rd11="\htmladdnormallink{http://www.cern.ch/\-RD11/\-introduction/\-RD11\_introduction.html}{http://www.cern.ch/RD11/introduction/RD11\_introduction.html}"
}

@String{url:atlas-educ="\htmladdnormallink{http\-:\-//\-pdg.lbl.gov\-/\-atlas\-/\-atlas.html}{http://pdg.lbl.gov/atlas/atlas.html}"}

@String{url:particle-adv="\htmladdnormallink{http\-:\-//ParticleAdventure\-.\-org}{http://ParticleAdventure.org}"}

@String{url:particle-adv="\htmladdnormallink{http\-:\-//ParticleAdventure\-.\-org}{http://ParticleAdventure.org}"}
@Misc{particle-adv,
  OPTkey = 	 {},
  OPTauthor = 	 {},
  title = 	 {The Particle Adventure},
  howpublished = "{\bf World Wide Web: }" # url:particle-adv,
  OPTmonth = 	 {},
  OPTyear = 	 {},
  OPTnote = 	 {},
  OPTannote = 	 {}
}
@String{url:cern ="\htmladdnormallink{http\-://\-www.\-cern.\-ch}{http://www.cern.ch}"}

@Misc{cern-url,
  OPTkey = 	 {},
  OPTauthor = 	 {},
  title = 	 {The European Laboratory for Particle Physics},
  howpublished = "{\bf World Wide Web: }" # url:cern,
  OPTmonth = 	 {},
  OPTyear = 	 {},
  OPTnote = 	 {},
  OPTannote = 	 {}
}
@String{url:lep ="\htmladdnormallink{http\-:\-//\-cern.\-web.\-cern.\-ch/\-CERN/\-Divisions/\-SL/\-welcome.\-html}{http://cern.web.cern.ch/CERN/Divisions/SL/welcome.html}"}

@Misc{lep-url,
  OPTkey = 	 {},
  OPTauthor = 	 {},
  title = 	 {Large Electron-Positron Collider},
  howpublished = "{\bf World Wide Web: }" # url:lep,
  OPTmonth = 	 {},
  OPTyear = 	 {},
  OPTnote = 	 {},
  OPTannote = 	 {}
}
@String{url:lhc = "\htmladdnormallink{http\-:\-//\-www.\-cern.\-ch/\-LHC}{http://www.cern.ch/LHC}"}

@Misc{lhc-url,
  OPTkey = 	 {},
  OPTauthor = 	 {},
  title = 	 {Large Hadron Collider},
  howpublished = "{\bf World Wide Web: }" # url:lhc,
  OPTmonth = 	 {},
  OPTyear = 	 {},
  OPTnote = 	 {},
  OPTannote = 	 {}
}
@String{url:cms = "\htmladdnormallink{http\-:\-//\-cmsinfo.\-cern.\-ch\-/\-Welcome.\-html}{http://cmsinfo.cern.ch/Welcome.html}"}

@Misc{cms-url,
  OPTkey = 	 {},
  OPTauthor = 	 {},
  title = 	 {Compact Muon Solenoid},
  howpublished = "{\bf World Wide Web: }" # url:cms,
  OPTmonth = 	 {},
  OPTyear = 	 {},
  OPTnote = 	 {},
  OPTannote = 	 {}
}
@String{ url:rtfaq="\htmladdnormallink{http://www.faqs.org/faqs/realtime-computing/faq/}{http://\-www.\-faqs.\-org\-/\-faqs\-/\-realtime-computing\-/\-faq/}" }

@Manual{jetnet,
  title = 	 {JETNET 3.0 A versatile artificial neural network package},
  OPTkey = 	 {},
  author = 	 {Carsten Peterson AND Thorsteinn R\"{o}gnvaldsson},
  organization = {CERN},
  OPTaddress = 	 {},
  OPTedition = 	 {},
  month = 	 {December},
  year = 	 {1993},
  OPTnote = 	 {},
  OPTannote = 	 {}
}
@Manual{adsp,
  title = 	 {ADSP-2106x Sharc User's Manual},
  OPTkey = 	 {},
  OPTauthor = 	 {},
  OPTorganization = {},
  OPTaddress = 	 {},
  edition = 	 {Segunda Edi\c{c}\~ao},
  OPTmonth = 	 {},
  OPTyear = 	 {},
  note = 	 {Analog Devices},
  OPTannote = 	 {}
}
@String{my-articles-home="\htmladdnormallink{http://www.lps.ufrj.br\-/$\sim$rabello\-/publications\-/index.html}{http://www.lps.ufrj.br/~rabello/publications/index.html}"}

@TechReport{ttn8,
  author = 	 {A. Anjos AND R. Hauser AND M. Sessler AND S. Tapproge},
  title = 	 {Requirements, Constraints, Use-Cases and an Object Oriented Analsis of the Steering and Feature Extraction Systems for ATLAS/Trigger Level 2},
  institution =  {CERN},
  year = 	 {1998},
  OPTkey = 	 {},
  type = 	 {Testbed Technical Note},
  number = 	 {8},
  OPTaddress = 	 {},
  OPTmonth = 	 {},
  note =         "{\bf Dispon\'{\i}vel em ingl\^{e}s: }" # my-articles-home,
  OPTannote = 	 {}
}
@TechReport{ttn17,
  author = 	 {A. Anjos AND R. Hauser AND M. Sessler AND S. Tapproge},
  title = 	 {OO Design of the Steering System},
  institution =  {CERN},
  year = 	 {1998},
  OPTkey = 	 {},
  type = 	 {Testbed Technical Note},
  number = 	 {17},
  OPTaddress = 	 {},
  month = 	 {July},
  note =         "{\bf Dispon\'{\i}vel em ingl\^{e}s: }" # my-articles-home,
  OPTannote = 	 {}
}
@TechReport{ttn20,
  author = 	 {A. Anjos AND R. Hauser AND M. Sessler AND S. Tapproge},
  title = 	 {Design of the Feature Extraction System},
  institution =  {CERN},
  year = 	 {1998},
  OPTkey = 	 {},
  type = 	 {Testbed Technical Note},
  number = 	 {20},
  OPTaddress = 	 {},
  OPTmonth = 	 {},
  note =         "{\bf Dispon\'{\i}vel em ingl\^{e}s: }" # my-articles-home,
  OPTannote = 	 {}
}
@TechReport{ttn25,
  author = 	 {A. Anjos},
  title = 	 {Implementation of the Steering and Calorimeter systems for the Reference Software (status note)},
  institution =  {CERN},
  year = 	 {1998},
  OPTkey = 	 {},
  type = 	 {Testbed Technical Note},
  number = 	 {25},
  OPTaddress = 	 {},
  OPTmonth = 	 {},
  note =         "{\bf Dispon\'{\i}vel em ingl\^{e}s: }" # my-articles-home,
  OPTannote = 	 {}
}
@Article{andre-enfpc98,
  author = 	 {J.M. Seixas AND A.R. Anjos AND A.C.H. Dantas AND B.P. Kastrup AND L.P. Cal\^{o}ba},
  title = 	 {Um Prot\'otipo do Sistema de Valida\c{c}\~{a}o de N\'{\i}vel 2 para as Condi\c{c}\~{o}es do LHC},
  journal = 	 {XIX Encontro Nacional de F\'{\i}sica de Part\'{\i}culas e Campos},
  year = 	 {1998},
  OPTkey = 	 {},
  OPTvolume = 	 {},
  OPTnumber = 	 {},
  pages = 	 {32-33},
  month = 	 {Dezembro},
  OPTnote = 	 {},
  OPTannote = 	 {}
}
@Article{andre-enfpc99,
  author = {A.R. Anjos AND J.M. Seixas},
  title = {Integrando Plataformas e Algoritmos para o Segundo N\'{\i}vel de Trigger do Experimento ATLAS},
  journal = 	 {Encontro Nacional de F\'{\i}sica de Part\'{\i}culas e Campos},
  year = 	 {1999},
  OPTkey = 	 {},
  OPTvolume = 	 {},
  OPTnumber = 	 {},
  OPTpages = 	 {},
  month = 	 {Outubro},
  note =         "{S\~{a}o Louren\c{c}o, Minas Gerais, \bf Dispon\'{\i}vel em portugu\^{e}s: }" # my-articles-home,
  OPTannote = 	 {}
}
@Article{andre-enfpc2000,
  author = {A. Anjos AND J. Seixas},
  title = {Neural Electron-Jet Separation Using Multi-layered and Multi-segmented Calorimeters},
  journal = 	 {XXI Encontro Nacional de F\'{\i}sica de Part\'{\i}culas e Campos},
  year = 	 {2000},
  OPTkey = 	 {},
  OPTvolume = 	 {},
  OPTnumber = 	 {},
  OPTpages = 	 {},
  month = 	 {Outubro},
  note =         "{\bf Dispon\'{\i}vel em ingl\^{e}s: }" # my-articles-home,
  OPTannote = 	 {}
}
@Article{relevance,
  author = 	 {A.~Gruber AND J.~M\"{o}ck AND J.~Fr\"{o}chtenicht AND D.~Goldner AND C.~Kiesling AND T.~Klober AND H.~Kolanoski AND T.~Kr\"{a}merk\"{a}mper AND P.~Ribarics},
  title = 	 {Performance of Backpropagation mentworks in the Second Level Trigger of the H1-Experiment},
  journal = 	 {New Computing Techniques in Physics Research},
  year = 	 {1994},
  OPTkey = 	 {},
  OPTvolume = 	 {},
  OPTnumber = 	 {},
  OPTpages = 	 {},
  OPTmonth = 	 {},
  OPTnote = 	 {},
  OPTannote = 	 {}
}
@Article{hadcal,
  author = 	 {R.~Wigmans},
  title = 	 {Advances in Hadron Calorimetry},
  journal = 	 {Submitted to the Annual Review of Nuclear and Particle Science},
  year = 	 {1991},
  OPTkey = 	 {},
  OPTvolume = 	 {},
  OPTnumber = 	 {},
  OPTpages = 	 {},
  OPTmonth = 	 {},
  OPTnote = 	 {},
  OPTannote = 	 {}
}
@Article{seixas:fe,
   author = {Seixas, J. M. AND Kastrup, B. AND Cal\^oba, L. P. AND Weber, R.},
   title = {Neural Feature Extraction for Calorimeters in a Distributed Processing Environment},
   journal = {},
   year = {1997}
}
@Article{seixas:relcrit,
   author = {Seixas, J. M. AND Cal\^oba, L. P. AND Delpino, I.},
   title = {Relevance Criteria for Variable Selection in Classifier Designs},
   journal = {},
   year = {1996}
}
@Article{seixas:sp,
  author = 	 {J.M. Seixas AND I.F. Isidro},
  title = 	 {A Neural Electron/Jet Discriminator Based on a Highly-Segmented Calorimeters},
  journal = 	 {Artificial Intelligence in High-Energy and Nuclear Physics (AIHENP)},
  year = 	 {1999},
  OPTkey = 	 {},
  OPTvolume = 	 {},
  OPTnumber = 	 {},
  OPTpages = 	 {},
  OPTmonth = 	 {},
  OPTnote = 	 {},
  OPTannote = 	 {}
}
@Article{seixas:pileup,
  author = 	 {J.M. Seixas AND L.P. Cal\^oba AND M.N. Souza AND A.L. BragaAND A.P. Rodrigues AND H. Gottschalk},
  title = 	 {Neural Networks Applied to a Second Level Trigger System Based on Calorimeters},
  journal = 	 {Third International Workshop on Software Engineering},
  year = 	 {1993},
  OPTkey = 	 {},
  OPTvolume = 	 {},
  OPTnumber = 	 {},
  pages = 	 {353-358},
  OPTmonth = 	 {},
  note = 	 {Artificial Intelligence and Expert Systems for High Energy and Nuclear Physics, Oberammergau, Alemanha},
  OPTannote = 	 {}
}
@Article{seixas:pca,
  author = 	 {M.R.~Vassali AND J.M.~Seixas},
  title = 	 {Principal Component Analysis for Neural Electron/Jet Discrimination on Highly Segmented Calorimeters},
  journal = 	 {VII Internation Workshop on Advanced Computing \& Analysis Techniques in Physics Research},
  year = 	 {2000},
  OPTkey = 	 {},
  OPTvolume = 	 {},
  OPTnumber = 	 {},
  OPTpages = 	 {},
  month = 	 {October},
  OPTnote = 	 {Chicago, EUA},
  OPTannote = 	 {}
}
@Article{seixas:perf-loss,
  author = 	 {J.M. Seixas AND L.P. Cal\^oba AND M.N. Souza AND A.L. Braga
and A.P. Rodrigues},
  title = 	 {Neural Second-Level Trigger System Based on Calorimetry},
  journal = 	 {Computer Physics Communications},
  year = 	 {1996},
  OPTkey = 	 {},
  volume = 	 {95},
  OPTnumber = 	 {},
  pages = 	 {143-157},
  OPTmonth = 	 {},
  OPTnote = 	 {},
  OPTannote = 	 {}
}
@Article{seixas:adder,
  author = 	 { J.M. Seixas AND A.S. Cerqueira AND L.P. Cal\^oba},
  title = 	 {A High-Performance Active Adder},
  journal = 	 {IEEE International Conference on Electronics, Circuits and Systems},
  year = 	 {1998},
  OPTkey = 	 {},
  OPTvolume = 	 {},
  OPTnumber = 	 {},
  pages = 	 {377-380},
  OPTmonth = 	 {},
  note = 	 {Lisboa, Portugal},
  OPTannote = 	 {}
}
